@article{rendon,
    author = "Réndon, César and Pérez, Alejandro",
    title = "VIBRACIONES ESTRUCTURALES EN PUENTES: MODELAMIENTO UTILIZANDO EL
             PUENTE PASCO",
    journaltitle = "Encuentro Internacional De Educación En Ingeniería",
    year = 2016,
    url = "https://acofipapers.org/index.php/eiei/article/view/907",
}

@article{tarque,
    author = "Tarque, Nicola and Loaiza, Cesar",
    year = 2003,
    title = "ANÁLISIS SÍSMICO DE EDIFICIOS",
    journaltitle = "XVI Curso Internacional de Estructuras",
    url = "
           https://nicolatarque.weebly.com/uploads/1/2/6/9/12699783/anlisis_ssmico_edificios.pdf
           ",
}

@book{young,
    author = "Young, Hugh and Freedman, Roger",
    year = 2009,
    title = "Física Universitaria",
    publisher = "Pearson Educación",
}

@article{rak,
    author = "Rak, M and Mestrovic, D and Nizic, A",
    year = 2005,
    title = "Damping and its importance to structure",
    journaltitle = "WIT Transactions on The Built Environment",
    volume = 31,
    url = "
           https://www.witpress.com/elibrary/wit-transactions-on-the-built-environment/81/15075
           ",
}

@mastersthesis{mayhua,
    author = "Mayhua, David",
    year = 2014,
    title = "Evaluación de colapso del puente atirantado Yanango - Tarma - Junín
             ",
    institution = "Universidad Nacional del Centro de Perú",
    url = "
           https://repositorio.uncp.edu.pe/bitstream/handle/20.500.12894/414/TCIV_23.pdf
           ",
    type = "Tesis de bachillerato",
}

@book{reddy,
    author = "Reddy, J. N.",
    year = 1993,
    title = "An Introduction to the Finite Element Method",
    publisher = "McGraw-Hill, Inc.",
}

@article{giuli,
    author = "Giuliodori, Mauricio and Lujan, Heidi and Briggs, Whitney and
              Palani, Gurunanthan and DiCarlo, Stephen",
    year = 2009,
    title = "Hooke's law: applications of a recurring principle",
    journaltitle = "Advances in Physiology Education",
    volume = 33,
    url = "https://journals.physiology.org/doi/full/10.1152/advan.00045.2009",
}

@book{suli,
    author = "Süli, Entre and Mayers, David",
    year = 2003,
    title = "An Introduction to Numerical Analysis",
    publisher = "Cambridge University Press",
}

@book{kramer,
    author = "Kramer, Steven",
    year = 1996,
    title = "Geotechnical Earthquake Engineering",
    publisher = "Prentice hall",
}

@mastersthesis{hernandez,
    author = "Hernandez, Jessus",
    year = 2024,
    title = "Control Pasivo de Vibraciones en Una Estructura Tipo Edificio
             Utilizando Múltiples Absorbedores Flexibles",
    institution = "Instituto Tecnológico de Pachuca",
    url = "https://itp.itpachuca.edu.mx/pdf/repositorio_tesis/21201048.pdf",
}

@book{garcia,
    author = "García, Luis and Sozen, Mete",
    year = 2003,
    title = "MULTIPLE DEGREES OF FREEDOM STRUCTURAL DYNAMICS",
    publisher = "Purdue University",
}

@article{kumar,
    author = "Kumar, Rajendra",
    year = 2021,
    title = "Fundamentals Of Numerical Analysis: Algorithms And Applications",
    journaltitle = "International Journal of Creative Research Thoughts",
    volume = 9,
    issue = 6,
    url = "https://ijcrt.org/papers/IJCRT2106894.pdf",
}

@book{worden,
    author = "Worden, K and Tomlinson, G",
    year = 2001,
    title = "NONLINEARITY IN STRUCTURAL DYNAMICS",
    publisher = "IOP Publishing Ltd",
}

@article{bapir,
    author = "Bapir, Baban and Abrahamczyk, Lars and Wichtmann, Torsten and
              Prada-Sarmiento, Luis",
    year = 2023,
    title = "Soil-structure interaction: A state-of-the-art review of modeling
             techniques and studies on seismic response of building structures",
    journaltitle = "Frontiers in Built Environment",
    volume = 9,
    url = "https://doi.org/10.3389/fbuil.2023.1120351",
}
